
@article{Abe2001,
	title = {Nonadditive conditional entropy and its significance for local realism},
	author = {Abe, Sumiyoshi and Rajagopal, A. K.},
	year = {2001},
	date = {2001},
	journal = {Physica A-statistical Mechanics and Its Applications},
	pages = {157{\textendash}164},
	volume = {289},
	number = {1-2},
	doi = {10.1016/S0378-4371(00)00476-3},
	url = {http://www.sciencedirect.com/science/article/pii/S0378437100004763},
	note = {Citation Key: Abe2001}
}

@article{Acs1991,
	title = {Real effects of academic research: Comment},
	author = {Acs, Zoltan J. and Audretsch, David B. and Feldman, Maryann P.},
	year = {1991},
	date = {1991},
	journal = {The American Economic Review},
	pages = {363{\textendash}367},
	volume = {82},
	number = {1},
	url = {http://www.jstor.org/stable/2117624},
	note = {Citation Key: Acs1991}
}

@article{Adelman1969,
	title = {Comment on the {"}H{"} concentration measure as a numbers-equivalent},
	author = {Adelman, M. A.},
	year = {1969},
	date = {1969},
	journal = {The Review of Economics and Statistics},
	pages = {99{\textendash}101},
	volume = {51},
	number = {1},
	doi = {10.2307/1926955},
	url = {http://ideas.repec.org/a/tpr/restat/v51y1969i1p99-101.html},
	note = {Citation Key: Adelman1969}
}
